
@article{chawla2002smote,
  title={SMOTE: synthetic minority over-sampling technique},
  author={Chawla, Nitesh V. and Bowyer, Kevin W. and Hall, Lawrence O. and Kegelmeyer, W. Philip},
  journal={Journal of artificial intelligence research},
  volume={16},
  pages={321--357},
  year={2002}
}

@inproceedings{japkowicz2000learning,
  title={Learning from imbalanced data sets: a comparison of various strategies},
  author={Japkowicz, Nathalie and others},
  booktitle={AAAI workshop on learning from imbalanced data sets},
  volume={68},
  pages={10--15},
  year={2000},
  organization={Menlo Park, CA}
}

@inproceedings{japkowicz2000class,
  title={The class imbalance problem: Significance and strategies},
  author={Japkowicz, Nathalie},
  booktitle={Proc. of the Intâ€™l Conf. on Artificial Intelligence},
  year={2000}
}

@article{kingma2013auto,
  title={Auto-encoding variational bayes},
  author={Kingma, Diederik P and Welling, Max},
  journal={arXiv preprint arXiv:1312.6114},
  year={2013}
}

@inproceedings{kubat1997addressing,
  title={Addressing the curse of imbalanced training sets: one-sided selection},
  author={Kubat, Miroslav and Matwin, Stan and others},
  booktitle={ICML},
  volume={97},
  pages={179--186},
  year={1997},
  organization={Nashville, USA}
}

@inproceedings{lewis1994heterogeneous,
  title={Heterogeneous uncertainty sampling for supervised learning},
  author={Lewis, David D and Catlett, Jason},
  booktitle={Proceedings of the eleventh international conference on machine learning},
  pages={148--156},
  year={1994}
}

@article{lewis1994training,
  title={Training text classifiers by uncertainty sampling},
  author={Lewis, David and Gale, William},
  year={1994}
}

@article{meyer2015introduction,
  title={Introduction to Autoencoders},
  author={Meyer, David},
  year={2015}
}

@article{provost2001robust,
  title={Robust classification for imprecise environments},
  author={Provost, Foster and Fawcett, Tom},
  journal={Machine learning},
  volume={42},
  number={3},
  pages={203--231},
  year={2001},
  publisher={Springer}
}

@article{rahman2013addressing,
  title={Addressing the class imbalance problem in medical datasets},
  author={Rahman, M Mostafizur and Davis, DN},
  journal={International Journal of Machine Learning and Computing},
  volume={3},
  number={2},
  pages={224},
  year={2013},
  publisher={IACSIT Press}
}

@techreport{rumelhart1985learning,
  title={Learning internal representations by error propagation},
  author={Rumelhart, David E and Hinton, Geoffrey E and Williams, Ronald J},
  year={1985},
  institution={DTIC Document}
}

@misc{shiffman2016,
  author={Shiffman, Miriam},
  title={Introducing Variational Autoencoders (in Prose and Code)},
  journal={Fast Forward Labs},
  type={Blog},
  number={August 12},
  year={2016},
  howpublished={\url{http://blog.fastforwardlabs.com/2016/08/12/introducing-variational-autoencoders-in-prose-and.html}
}

@article{tomek1976two,
  title={Two modifications of CNN},
  author={Tomek, Ivan},
  journal={IEEE Trans. Systems, Man and Cybernetics},
  volume={6},
  pages={769--772},
  year={1976}
}


